@article{benguria2004connection,
  title={Connection between the {L}ieb-{T}hirring conjecture for {S}chr{\"o}dinger operators and an isoperimetric problem for ovals on the plane},
  author={Benguria, Rafael D. and Loss, Michael},
  journal={Partial differential equations and inverse problems},
  volume={362},
  pages={53--61},
  year={2004}
}


@article{burchard2005isoperimetric,
  title={On an isoperimetric inequality for a {S}chr{\"o}dinger operator depending on the curvature of a loop},
  author={Burchard, Almut and Thomas, Lawrence E.},
  journal={The Journal of Geometric Analysis},
  volume={15},
  number={4},
  pages={543--563},
  year={2005},
  publisher={Springer}
}

@article{linde2006lower,
  title={A lower bound for the ground state energy of a {S}chr{\"o}dinger operator on a loop},
  author={Linde, Helmut},
  journal={Proceedings of the American Mathematical Society},
  volume={134},
  number={12},
  pages={3629--3635},
  year={2006}
}

@article{bernstein2014variational,
  title={A variational characterization of the catenoid},
  author={Bernstein, Jacob and Breiner, Christine},
  journal={Calculus of Variations and Partial Differential Equations},
  volume={49},
  number={1-2},
  pages={215--232},
  year={2014},
  publisher={Springer}
}

@article{denzler2015existence,
  title={Existence and regularity for a curvature dependent variational problem},
  author={Denzler, Jochen},
  journal={Transactions of the American Mathematical Society},
  volume={367},
  number={6},
  pages={3829--3845},
  year={2015}
}

@article{stefanopoulos2016isoperimetric,
  title={An isoperimetric type inequality for the principal eigenvalue of Schr{\"o}dinger operators depending on the curvature of a loop},
  author={Stefanopoulos, Vangelis},
  journal={Journal of Differential Equations},
  volume={260},
  number={1},
  pages={115--132},
  year={2016},
  publisher={Elsevier}
}

@article{bernstein2015one,
  title={One-Dimensional Projective Structures, Convex Curves and the Ovals of {B}enguria and {L}oss},
  author={Bernstein, Jacob and Mettler, Thomas},
  journal={Communications in Mathematical Physics},
  volume={336},
  number={2},
  pages={933--952},
  year={2015},
  publisher={Springer}
}

@article{duclos1995curvature,
  title={Curvature-induced bound states in quantum waveguides in two and three dimensions},
  author={Duclos, Pierre and Exner, Pavel},
  journal={Reviews in Mathematical Physics},
  volume={7},
  number={01},
  pages={73--102},
  year={1995},
  publisher={World Scientific}
}


@incollection{exner1999optimal,
  title={Optimal eigenvalues for some {L}aplacians and {S}chr{\"o}dinger operators depending on curvature},
  author={Exner, Pavel and Harrell, Evans M and Loss, Michael},
  booktitle={Mathematical results in quantum mechanics},
  pages={47--58},
  year={1999},
  publisher={Springer}
}

@misc{lieb1976inequalities,
  title={Inequalities for the moments of the eigenvalues of the {S}chr{\"o}dinger equation and their relation to {S}obolev inequalities in studies in Mathematical Physics},
  author={Lieb, EH and Thirring, WE},
  year={1976},
  publisher={Princeton University Press Wightman}
}

@article {MR2997381,
    AUTHOR = {Noris, Benedetta and Verzini, Gianmaria},
     TITLE = {A remark on natural constraints in variational methods and an
              application to superlinear {S}chr\"{o}dinger systems},
   JOURNAL = {J. Differential Equations},
  FJOURNAL = {Journal of Differential Equations},
    VOLUME = {254},
      YEAR = {2013},
    NUMBER = {3},
     PAGES = {1529--1547},
      ISSN = {0022-0396},
   MRCLASS = {58E30 (35J50 35J57 35J91)},
  MRNUMBER = {2997381},
MRREVIEWER = {Cyril Joel Batkam},
       DOI = {10.1016/j.jde.2012.11.003},
       URL = {https://doi-org.simsrad.net.ocs.mq.edu.au/10.1016/j.jde.2012.11.003},
}
